{
  "leader": "02663cam a2200409 i 4500",
  "fields": [
    {
      "001": "ocm04715958\\"
    },
    {
      "003": "OCoLC"
    },
    {
      "005": "20230105091036.0"
    },
    {
      "008": "790329s1978\\\\\\\\couaf\\\\\\\\b\\\\\\\\001\\0\\eng\\\\"
    },
    {
      "010": {
        "ind1": "\\",
        "ind2": "\\",
        "subfields": [
          {
            "a": "   77094083 "
          }
        ]
      }
    },
    {
      "040": {
        "ind1": "\\",
        "ind2": "\\",
        "subfields": [
          {
            "a": "DLC"
          },
          {
            "b": "eng"
          },
          {
            "c": "DLC"
          },
          {
            "d": "BAKER"
          },
          {
            "d": "BTCTA"
          },
          {
            "d": "YDXCP"
          },
          {
            "d": "BDX"
          },
          {
            "d": "OCLCO"
          },
          {
            "d": "OCLCF"
          },
          {
            "d": "OCLCQ"
          },
          {
            "d": "FHL"
          },
          {
            "d": "OCLCQ"
          },
          {
            "d": "MCO"
          },
          {
            "d": "OCLCQ"
          },
          {
            "d": "OCLCO"
          }
        ]
      }
    },
    {
      "020": {
        "ind1": "\\",
        "ind2": "\\",
        "subfields": [
          {
            "a": "0870811134"
          }
        ]
      }
    },
    {
      "020": {
        "ind1": "\\",
        "ind2": "\\",
        "subfields": [
          {
            "a": "9780870811135"
          }
        ]
      }
    },
    {
      "020": {
        "ind1": "\\",
        "ind2": "\\",
        "subfields": [
          {
            "a": "0870811177"
          },
          {
            "q": "(pbk.)"
          }
        ]
      }
    },
    {
      "020": {
        "ind1": "\\",
        "ind2": "\\",
        "subfields": [
          {
            "a": "9780870811173"
          },
          {
            "q": "(pbk.)"
          }
        ]
      }
    },
    {
      "035": {
        "ind1": "\\",
        "ind2": "\\",
        "subfields": [
          {
            "a": "(OCoLC)4715958"
          }
        ]
      }
    },
    {
      "043": {
        "ind1": "\\",
        "ind2": "\\",
        "subfields": [
          {
            "a": "n-us-wy"
          }
        ]
      }
    },
    {
      "050": {
        "ind1": "\\",
        "ind2": "4",
        "subfields": [
          {
            "a": "F769.J3"
          },
          {
            "b": "B48 1978"
          }
        ]
      }
    },
    {
      "082": {
        "ind1": "0",
        "ind2": "0",
        "subfields": [
          {
            "a": "978.755"
          },
          {
            "b": "BET"
          }
        ]
      }
    },
    {
      "100": {
        "ind1": "1",
        "ind2": "\\",
        "subfields": [
          {
            "a": "Betts, Robert B."
          }
        ]
      }
    },
    {
      "245": {
        "ind1": "1",
        "ind2": "0",
        "subfields": [
          {
            "a": "Along the ramparts of the Tetons :"
          },
          {
            "b": "the saga of Jackson Hole, Wyoming /"
          },
          {
            "c": "by Robert B. Betts."
          }
        ]
      }
    },
    {
      "260": {
        "ind1": "\\",
        "ind2": "\\",
        "subfields": [
          {
            "a": "Boulder :"
          },
          {
            "b": "Colorado Associated University Press,"
          },
          {
            "c": "\u00a91978."
          }
        ]
      }
    },
    {
      "300": {
        "ind1": "\\",
        "ind2": "\\",
        "subfields": [
          {
            "a": "xviii, 249 pages, 2 unnumbered leaves of plates :"
          },
          {
            "b": "illustrations (some color) ;"
          },
          {
            "c": "27 cm"
          }
        ]
      }
    },
    {
      "336": {
        "ind1": "\\",
        "ind2": "\\",
        "subfields": [
          {
            "a": "text"
          },
          {
            "b": "txt"
          },
          {
            "2": "rdacontent"
          }
        ]
      }
    },
    {
      "337": {
        "ind1": "\\",
        "ind2": "\\",
        "subfields": [
          {
            "a": "unmediated"
          },
          {
            "b": "n"
          },
          {
            "2": "rdamedia"
          }
        ]
      }
    },
    {
      "338": {
        "ind1": "\\",
        "ind2": "\\",
        "subfields": [
          {
            "a": "volume"
          },
          {
            "b": "nc"
          },
          {
            "2": "rdacarrier"
          }
        ]
      }
    },
    {
      "504": {
        "ind1": "\\",
        "ind2": "\\",
        "subfields": [
          {
            "a": "Includes bibliographical references (pages 239-243) and index."
          }
        ]
      }
    },
    {
      "505": {
        "ind1": "0",
        "ind2": "\\",
        "subfields": [
          {
            "a": "Chartres multiplied by six -- In the beginning -- The firstcomers -- Enter John Colter -- The Colter Case, a mountain mystery -- Trapper trails in Jackson Hole : 1807-1822 -- Trapper trails in Jackson Hole : 1822-1840 -- Mountain mavericks -- Interlude -- Runaway boy with the Indians -- A man called Beaver Dick -- Storm over the Grand Teton -- The shipwrecked cavalrymen -- The Bottle Trail -- \"Pioneers! O pioneers!\" -- \"Mountain law\" -- The elk herd -- The angry years -- Latter-day mavericks -- The present, a postscript."
          }
        ]
      }
    },
    {
      "520": {
        "ind1": "\\",
        "ind2": "\\",
        "subfields": [
          {
            "a": "The magnificent valley of Jackson Hole at the base of the soaring Teton Range has long been a stage on which a remarkable series of events has been acted out. From the creation of the Tetons, to the first humans, to the Native American tribes to the journey of John Colber, who back in 1807 is said to have been the first white man to have found his way through the wildnerness and into Jackson Hole. A remarkable cast of characters including mountain men, trappers, former slaves, a Mormon boy, an inter-racial marriage, and others fill these pages of pioneers."
          }
        ]
      }
    },
    {
      "651": {
        "ind1": "\\",
        "ind2": "0",
        "subfields": [
          {
            "a": "Jackson Hole (Wyo.)"
          },
          {
            "x": "History."
          }
        ]
      }
    },
    {
      "651": {
        "ind1": "\\",
        "ind2": "7",
        "subfields": [
          {
            "a": "Wyoming"
          },
          {
            "z": "Jackson Hole."
          },
          {
            "2": "fast"
          },
          {
            "0": "(OCoLC)fst01244360"
          }
        ]
      }
    },
    {
      "655": {
        "ind1": "\\",
        "ind2": "7",
        "subfields": [
          {
            "a": "History."
          },
          {
            "2": "fast"
          },
          {
            "0": "(OCoLC)fst01411628"
          }
        ]
      }
    },
    {
      "776": {
        "ind1": "0",
        "ind2": "8",
        "subfields": [
          {
            "i": "Online version:"
          },
          {
            "a": "Betts, Robert B."
          },
          {
            "t": "Along the ramparts of the Tetons."
          },
          {
            "d": "Boulder, Colo. : Colorado Associated University Press, \u00a91978"
          },
          {
            "w": "(OCoLC)565162327"
          }
        ]
      }
    },
    {
      "994": {
        "ind1": "\\",
        "ind2": "\\",
        "subfields": [
          {
            "a": "Z0"
          },
          {
            "b": "NYRVC"
          }
        ]
      }
    },
    {
      "948": {
        "ind1": "\\",
        "ind2": "\\",
        "subfields": [
          {
            "h": "NO HOLDINGS IN NYRVC - 316 OTHER HOLDINGS"
          }
        ]
      }
    },
    {
      "999": {
        "ind1": "\\",
        "ind2": "\\",
        "subfields": [
          {
            "a": "00000000017776"
          },
          {
            "b": "Copy 1"
          }
        ]
      }
    },
    {
      "999": {
        "ind1": "\\",
        "ind2": "\\",
        "subfields": [
          {
            "a": "00000000017780"
          },
          {
            "b": "Copy 2"
          }
        ]
      }
    }
  ]
}